{
  "leader": "01570nam a22005773c 4500",
  "fields": [
    {
      "001": "1"
    },
    {
      "005": "20200522014642.9"
    },
    {
      "008": "190807|20162015||||||||       |||||mul||"
    },
    {
      "010": {
        "subfields": [
          {
            "a": "1447294130"
          }
        ],
        "ind1": " ",
        "ind2": " "
      }
    },
    {
      "020": {
        "subfields": [
          {
            "a": "9781447294130"
          }
        ],
        "ind1": " ",
        "ind2": " "
      }
    },
    {
      "022": {
        "subfields": [
          {
            "a": "0262012103"
          }
        ],
        "ind1": " ",
        "ind2": " "
      }
    },
    {
      "035": {
        "subfields": [
          {
            "a": "2003065165"
          }
        ],
        "ind1": " ",
        "ind2": " "
      }
    },
    {
      "035": {
        "subfields": [
          {
            "a": "9780262012102"
          }
        ],
        "ind1": " ",
        "ind2": " "
      }
    },
    {
      "074": {
        "subfields": [
          {
            "a": "0552142352"
          }
        ],
        "ind1": " ",
        "ind2": " "
      }
    },
    {
      "100": {
        "subfields": [
          {
            "a": "Fielding, Helen"
          }
        ],
        "ind1": "1",
        "ind2": " "
      }
    },
    {
      "245": {
        "subfields": [
          {
            "a": "The Journal of ecclesiastical history"
          }
        ],
        "ind1": "0",
        "ind2": "0"
      }
    },
    {
      "264": {
        "subfields": [
          {
            "a": "Edinburgh"
          },
          {
            "b": "Birlinn"
          },
          {
            "c": "2015"
          }
        ],
        "ind1": " ",
        "ind2": "1"
      }
    },
    {
      "264": {
        "subfields": [
          {
            "a": "New York"
          },
          {
            "b": "Alfred A. Knopf"
          },
          {
            "c": "2016"
          }
        ],
        "ind1": " ",
        "ind2": "1"
      }
    },
    {
      "300": {
        "subfields": [
          {
            "a": "xx, 238 p. : ill. ; 24 cm."
          }
        ],
        "ind1": " ",
        "ind2": " "
      }
    },
    {
      "300": {
        "subfields": [
          {
            "a": "xxix, 224 Seiten Illustrationen"
          }
        ],
        "ind1": " ",
        "ind2": " "
      }
    },
    {
      "490": {
        "subfields": [
          {
            "a": "Cooperative information systems"
          }
        ],
        "ind1": "0",
        "ind2": " "
      }
    },
    {
      "490": {
        "subfields": [
          {
            "a": "The lateral history"
          }
        ],
        "ind1": "0",
        "ind2": " "
      }
    },
    {
      "653": {
        "subfields": [
          {
            "a": "Politicians"
          }
        ],
        "ind1": " ",
        "ind2": " "
      }
    },
    {
      "653": {
        "subfields": [
          {
            "a": "Politicians--Scotland--Biography"
          }
        ],
        "ind1": " ",
        "ind2": " "
      }
    },
    {
      "653": {
        "subfields": [
          {
            "a": "Politics and government"
          }
        ],
        "ind1": " ",
        "ind2": " "
      }
    },
    {
      "653": {
        "subfields": [
          {
            "a": "Scotland"
          }
        ],
        "ind1": " ",
        "ind2": " "
      }
    },
    {
      "653": {
        "subfields": [
          {
            "a": "Scotland--Politics and government--21st century"
          }
        ],
        "ind1": " ",
        "ind2": " "
      }
    },
    {
      "655": {
        "subfields": [
          {
            "a": "newspaper"
          }
        ],
        "ind1": " ",
        "ind2": "4"
      }
    },
    {
      "655": {
        "subfields": [
          {
            "a": "textbook"
          }
        ],
        "ind1": " ",
        "ind2": "4"
      }
    },
    {
      "710": {
        "subfields": [
          {
            "a": "Sterling, Roger"
          }
        ],
        "ind1": "2",
        "ind2": " "
      }
    },
    {
      "711": {
        "subfields": [
          {
            "a": "Draper, Don"
          }
        ],
        "ind1": "2",
        "ind2": " "
      }
    },
    {
      "900": {
        "subfields": [
          {
            "a": "6056.I4588 B749 "
          }
        ],
        "ind1": "f",
        "ind2": "f"
      }
    },
    {
      "901": {
        "subfields": [
          {
            "a": "PR"
          }
        ],
        "ind1": " ",
        "ind2": " "
      }
    },
    {
      "902": {
        "subfields": [
          {
            "a": "2016"
          }
        ],
        "ind1": " ",
        "ind2": " "
      }
    },
    {
      "903": {
        "subfields": [
          {
            "a": "holdingsLinkText1"
          }
        ],
        "ind1": " ",
        "ind2": " "
      }
    },
    {
      "903": {
        "subfields": [
          {
            "a": "holdingsLinkText2"
          }
        ],
        "ind1": " ",
        "ind2": " "
      }
    },
    {
      "904": {
        "subfields": [
          {
            "a": "holdingsUri1"
          }
        ],
        "ind1": "1",
        "ind2": "2"
      }
    },
    {
      "904": {
        "subfields": [
          {
            "a": "holdingsUri2"
          }
        ],
        "ind1": "1",
        "ind2": "2"
      }
    },
    {
      "905": {
        "subfields": [
          {
            "a": "Miller General Stacks"
          }
        ],
        "ind1": " ",
        "ind2": " "
      }
    },
    {
      "906": {
        "subfields": [
          {
            "b": "Special Reading Room"
          }
        ],
        "ind1": " ",
        "ind2": " "
      }
    },
    {
      "907": {
        "subfields": [
          {
            "a": "6066.I4588 B749 "
          }
        ],
        "ind1": " ",
        "ind2": " "
      }
    },
    {
      "907": {
        "subfields": [
          {
            "a": "6076.I4588 B749 "
          }
        ],
        "ind1": " ",
        "ind2": " "
      }
    },
    {
      "908": {
        "subfields": [
          {
            "a": "itemLinkText1"
          }
        ],
        "ind1": " ",
        "ind2": " "
      }
    },
    {
      "908": {
        "subfields": [
          {
            "a": "itemLinkText2"
          }
        ],
        "ind1": " ",
        "ind2": " "
      }
    },
    {
      "908": {
        "subfields": [
          {
            "a": "itemLinkText3"
          }
        ],
        "ind1": " ",
        "ind2": " "
      }
    },
    {
      "908": {
        "subfields": [
          {
            "a": "itemLinkText4"
          }
        ],
        "ind1": " ",
        "ind2": " "
      }
    },
    {
      "909": {
        "subfields": [
          {
            "a": "itemUri1"
          }
        ],
        "ind1": "1",
        "ind2": " "
      }
    },
    {
      "909": {
        "subfields": [
          {
            "a": "itemUri2"
          }
        ],
        "ind1": "1",
        "ind2": " "
      }
    },
    {
      "909": {
        "subfields": [
          {
            "a": "itemUri3"
          }
        ],
        "ind1": "1",
        "ind2": " "
      }
    },
    {
      "909": {
        "subfields": [
          {
            "a": "itemUri4"
          }
        ],
        "ind1": "1",
        "ind2": " "
      }
    },
    {
      "910": {
        "subfields": [
          {
            "a": "book"
          }
        ],
        "ind1": " ",
        "ind2": " "
      }
    },
    {
      "910": {
        "subfields": [
          {
            "a": "dvd"
          }
        ],
        "ind1": " ",
        "ind2": " "
      }
    },
    {
      "911": {
        "subfields": [
          {
            "a": "Special Reading Room"
          }
        ],
        "ind1": " ",
        "ind2": " "
      }
    },
    {
      "999": {
        "subfields": [
          {
            "i": "c8b50e3f-0446-429c-960e-03774b88223f"
          }
        ],
        "ind1": "f",
        "ind2": "f"
      }
    }
  ]
}
